@misc{BuildCrossplatformDesktop,
  title = {Build Cross-Platform Desktop Apps with {{JavaScript}}, {{HTML}}, and {{CSS}} {\textbar} {{Electron}}},
  urldate = {2025-03-16},
  abstract = {Build cross-platform desktop apps with JavaScript, HTML, and CSS},
  howpublished = {https://electronjs.org/},
  langid = {english}
}

@misc{C3DORGBiomechanicsStandard,
  title = {{{C3D}}.{{ORG}} - {{The}} Biomechanics Standard File Format},
  urldate = {2025-03-16},
  howpublished = {https://www.c3d.org/},
  file = {C:\Users\Ruben\Zotero\storage\DEF6HM2E\www.c3d.org.html}
}

@misc{FacultadCienciasActividad,
  title = {Facultad de {{Ciencias}} de La {{Actividad F{\'i}sica}} y Del {{Deporte}}},
  urldate = {2025-03-16},
  howpublished = {https://www.inef.upm.es/Facultad/Laboratorios/LaboratorioBiomecanica},
  file = {C:\Users\Ruben\Zotero\storage\8FY57LP3\LaboratorioBiomecanica.html}
}

@misc{InteractiveResults,
  title = {Interactive {{Results}}},
  urldate = {2025-03-16},
  howpublished = {https://krausest.github.io/js-framework-benchmark/current.html}
}

@misc{ludvigsen10MostEnergy2022,
  title = {The 10 Most Energy Efficient Programming Languages},
  author = {Ludvigsen, Kasper Groes Albin},
  year = {2022},
  month = dec,
  journal = {Medium},
  urldate = {2025-03-16},
  abstract = {In a survey of the energy efficiency of 27 programming languages, C tops the list, and Python was the second most inefficient.},
  langid = {english}
}

@misc{MemoryManagementJavaScript2025,
  title = {Memory Management - {{JavaScript}} {\textbar} {{MDN}}},
  year = {2025},
  month = mar,
  urldate = {2025-03-16},
  abstract = {Low-level languages like C, have manual memory management primitives such as malloc() and free(). In contrast, JavaScript automatically allocates memory when objects are created and frees it when they are not used anymore (garbage collection). This automaticity is a potential source of confusion: it can give developers the false impression that they don't need to worry about memory management.},
  howpublished = {https://developer.mozilla.org/en-US/docs/Web/JavaScript/Guide/Memory\_management},
  langid = {american}
}

@misc{PackagesCratesRust,
  title = {Packages and {{Crates}} - {{The Rust Programming Language}}},
  urldate = {2025-03-16},
  howpublished = {https://doc.rust-lang.org/book/ch07-01-packages-and-crates.html},
  file = {C:\Users\Ruben\Zotero\storage\CZQK3CD4\ch07-01-packages-and-crates.html}
}

@misc{pengMultithreadingJavascript2017,
  title = {Multithreading {{Javascript}}},
  author = {Peng, Max},
  year = {2017},
  month = sep,
  journal = {Hackmamba},
  urldate = {2025-03-16},
  abstract = {A Look Into Web Workers},
  langid = {english}
}

@misc{RustProgrammingLanguage,
  title = {Rust {{Programming Language}}},
  urldate = {2025-03-16},
  abstract = {A language empowering everyone to build reliable and efficient software.},
  howpublished = {https://www.rust-lang.org/},
  langid = {american}
}

@misc{samTop10Fastest2024,
  title = {Top 10 {{Fastest Programming Languages In}} 2024},
  author = {Sam},
  year = {2024},
  month = dec,
  journal = {Medium},
  urldate = {2025-03-16},
  abstract = {Discover the Top 10 Fastest Programming Languages In 2024 for optimal code speed and efficiency. Stay ahead in tech},
  langid = {english}
}

@misc{SlowestProgrammingLanguages2020,
  title = {The Slowest Programming Languages},
  year = {2020},
  month = dec,
  journal = {OS-WD},
  urldate = {2025-03-16},
  abstract = {There are currently about 700 known programming languages in the world, with only 250 in use. Where once task times could be measured in days, they are now fractions of seconds. Here are some of{\dots}},
  langid = {american}
}

@misc{srinetChromeV8Firefox2022,
  title = {Chrome {{V8}} \& {{Firefox SpiderMonkey}}},
  author = {Srinet, Prakhar},
  year = {2022},
  month = nov,
  journal = {Medium},
  urldate = {2025-03-16},
  abstract = {Understanding Browser Fundamentals},
  langid = {english}
}

@misc{taiQueEsMotion2024,
  title = {{{\textquestiondown}Qu{\'e} es el motion capture y c{\'o}mo funciona?}},
  author = {TAI},
  year = {2024},
  month = oct,
  journal = {TAI ARTS},
  urldate = {2025-03-16},
  abstract = {El motion capture o captura de movimiento es una t{\'e}cnica revolucionaria en la creaci{\'o}n de animaciones digitalesEl motion capture o captura de movimiento},
  langid = {spanish},
  file = {C:\Users\Ruben\Zotero\storage\MK4XUKXF\motion-capture.html}
}

@misc{TIOBEIndex,
  title = {{{TIOBE Index}}},
  journal = {TIOBE},
  urldate = {2025-03-16},
  howpublished = {https://www.tiobe.com/tiobe-index/},
  langid = {american}
}

@misc{WebAssembly,
  title = {{{WebAssembly}}},
  urldate = {2025-03-16},
  abstract = {A language empowering everyone to build reliable and efficient software.},
  howpublished = {https://www.rust-lang.org/what/wasm},
  langid = {american}
}

@misc{zotero-253,
  urldate = {2025-03-16},
  howpublished = {https://goodmanwen.github.io/Programming-Language-Benchmarks-Visualization/},
  file = {C:\Users\Ruben\Zotero\storage\M7E6QG3W\Programming-Language-Benchmarks-Visualization.html}
}
